<record><leader>00000cas a22000007a 4500</leader><controlfield tag="001">14999659</controlfield><controlfield tag="008">861222d18851888msuwr ne      0   a0eng d</controlfield><datafield ind1=" " ind2=" " tag="010"><subfield code="a">sn 87065018 </subfield></datafield><datafield ind1=" " ind2=" " tag="040"><subfield code="a">MJA</subfield><subfield code="b">eng</subfield><subfield code="c">MJA</subfield><subfield code="d">MSJ</subfield><subfield code="d">OCLCQ</subfield><subfield code="d">OCLCF</subfield><subfield code="d">OCLCO</subfield><subfield code="d">DLC</subfield><subfield code="d">OCL</subfield><subfield code="d">DLC</subfield></datafield><datafield ind1="0" ind2=" " tag="022"><subfield code="a">2575-534X</subfield><subfield code="2">1</subfield></datafield><datafield ind1=" " ind2=" " tag="042"><subfield code="a">msc</subfield><subfield code="a">nsdp</subfield></datafield><datafield ind1=" " ind2=" " tag="043"><subfield code="a">n-us-ms</subfield></datafield><datafield ind1="0" ind2="0" tag="050"><subfield code="a">Newspaper</subfield></datafield><datafield ind1="1" ind2="0" tag="082"><subfield code="a">071</subfield><subfield code="2">23</subfield></datafield><datafield ind1="0" ind2=" " tag="130"><subfield code="a">Sword and shield (Clinton, Miss.)</subfield></datafield><datafield ind1=" " ind2="0" tag="222"><subfield code="a">Sword and shield</subfield><subfield code="b">(Clinton, Miss. Print)</subfield></datafield><datafield ind1="1" ind2="0" tag="245"><subfield code="a">Sword and shield.</subfield></datafield><datafield ind1=" " ind2=" " tag="260"><subfield code="a">Clinton, Miss. :</subfield><subfield code="b">R.D. Gambrell</subfield></datafield><datafield ind1=" " ind2=" " tag="310"><subfield code="a">Weekly</subfield></datafield><datafield ind1="1" ind2=" " tag="362"><subfield code="a">Began in 1885; ceased with Jan. 28, 1888 issue.</subfield></datafield><datafield ind1=" " ind2=" " tag="500"><subfield code="a">The masthead contains the words "justice" and "protection."</subfield></datafield><datafield ind1=" " ind2=" " tag="500"><subfield code="a">Published in Jackson, Miss. after Dec. 12, 1885.</subfield></datafield><datafield ind1=" " ind2=" " tag="530"><subfield code="a">Archived issues are available in digital format from the Library of Congress Chronicling America online collection.</subfield></datafield><datafield ind1=" " ind2=" " tag="588"><subfield code="a">Description based on: Vol. 3, no. 5 (Feb. 7, 1885).</subfield></datafield><datafield ind1=" " ind2="0" tag="650"><subfield code="a">Prohibition</subfield><subfield code="z">Mississippi</subfield><subfield code="v">Newspapers.</subfield></datafield><datafield ind1=" " ind2="0" tag="650"><subfield code="a">Temperance</subfield><subfield code="z">Mississippi</subfield><subfield code="v">Newspapers.</subfield></datafield><datafield ind1=" " ind2="7" tag="650"><subfield code="a">Prohibition.</subfield><subfield code="2">fast</subfield><subfield code="0">(OCoLC)fst01078761</subfield></datafield><datafield ind1=" " ind2="7" tag="650"><subfield code="a">Temperance.</subfield><subfield code="2">fast</subfield><subfield code="0">(OCoLC)fst01147309</subfield></datafield><datafield ind1=" " ind2="7" tag="651"><subfield code="a">Mississippi</subfield><subfield code="z">Clinton.</subfield><subfield code="2">fast</subfield><subfield code="0">(OCoLC)fst01219460</subfield></datafield><datafield ind1=" " ind2="0" tag="651"><subfield code="a">Clinton (Miss.)</subfield><subfield code="v">Newspapers.</subfield></datafield><datafield ind1=" " ind2="7" tag="651"><subfield code="a">Mississippi.</subfield><subfield code="2">fast</subfield><subfield code="0">(OCoLC)fst01207034</subfield></datafield><datafield ind1=" " ind2="7" tag="655"><subfield code="a">Newspapers.</subfield><subfield code="2">fast</subfield><subfield code="0">(OCoLC)fst01423814</subfield></datafield><datafield ind1=" " ind2=" " tag="752"><subfield code="a">United States</subfield><subfield code="b">Mississippi</subfield><subfield code="c">Hinds</subfield><subfield code="d">Clinton.</subfield></datafield><datafield ind1=" " ind2=" " tag="752"><subfield code="a">United States</subfield><subfield code="b">Mississippi</subfield><subfield code="c">Hinds</subfield><subfield code="d">Jackson.</subfield></datafield><datafield ind1="0" ind2="8" tag="776"><subfield code="i">Online version:</subfield><subfield code="t">Sword and shield (Clinton, Miss.)</subfield><subfield code="x">2575-5358</subfield><subfield code="w">(DLC)  2017218874</subfield><subfield code="w">(OCoLC)1005898006</subfield></datafield><datafield ind1="0" ind2="0" tag="780"><subfield code="t">Argus (Clinton, Miss.)</subfield><subfield code="w">(DLC)sn 87065012</subfield><subfield code="w">(OCoLC)15012952</subfield></datafield><datafield ind1="4" ind2="1" tag="856"><subfield code="u">http://www.loc.gov/chroniclingamerica/lccn/sn87065018/issues</subfield></datafield><datafield ind1="1" ind2=" " tag="029"><subfield code="a">AU@</subfield><subfield code="b">000025786955</subfield></datafield></record>